<?xml version="1.0" encoding="UTF-8"?>
<record xmlns="http://www.loc.gov/MARC21/slim">
   <leader>03461cam a2200493 a 4500</leader>
   <controlfield tag="001">810543</controlfield>
   <controlfield tag="003">NjP</controlfield>
   <controlfield tag="005">20190705142028.0</controlfield>
   <controlfield tag="008">930525m19769999ir       b    000 0 ara d</controlfield>
   <datafield tag="024" ind1="7" ind2=" ">
      <subfield code="a">princeton_aco004530</subfield>
      <subfield code="2">local</subfield>
   </datafield>
   <datafield ind1=" " ind2=" " tag="035">
      <subfield code="a">(CStRLIN)NJPG93-B28929</subfield>
   </datafield>
   <datafield ind1=" " ind2=" " tag="035">
      <subfield code="9">ADZ2301TS</subfield>
   </datafield>
   <datafield ind1=" " ind2=" " tag="035">
      <subfield code="a">(NjP)810543</subfield>
   </datafield>
   <datafield ind1=" " ind2=" " tag="040">
      <subfield code="a">NjP</subfield>
      <subfield code="c">PUL</subfield>
      <subfield code="d">PUL</subfield>
   </datafield>
   <datafield ind1=" " ind2=" " tag="049">
      <subfield code="a">PULL</subfield>
   </datafield>
   <datafield ind1=" " ind2=" " tag="035">
      <subfield code="a">(OCoLC)ocn176014576</subfield>
   </datafield>
   <datafield ind1="1" ind2=" " tag="100">
      <subfield code="6">880-01</subfield>
      <subfield code="a">Ṣādiqī, Muḥammad ʻAlī.</subfield>
   </datafield>
   <datafield ind1="1" ind2="0" tag="240">
      <subfield code="6">880-02</subfield>
      <subfield code="a">Ṭahārah min sharḥ al-Sharāyiʻ</subfield>
   </datafield>
   <datafield ind1="1" ind2="0" tag="245">
      <subfield code="6">880-03</subfield>
      <subfield code="a">Kitāb al-ṭahārah min sharḥ al-Sharāyiʻ :</subfield>
      <subfield code="b">taqrīran li-baḥth qudwat al-fuqahāʼ wa-al-mujtahidīn khātimat al-muḥaqqiqīn Āyat Allāh al-ʻUẓmá wa-ḥujjatuhu al-kubrá al-Sayyid ʻAlī al-ʻAllāmah al-Fānī al-Iṣfahānī ... /</subfield>
      <subfield code="c">Muḥammad ʻAlī al-Ḥusaynī al-Ṣādiqī al-Iṣfahānī.</subfield>
   </datafield>
   <datafield ind1=" " ind2=" " tag="260">
      <subfield code="6">880-04</subfield>
      <subfield code="a">[Qum ] :</subfield>
      <subfield code="b">al-Maṭbaʻah al-ʻIlmīyah,</subfield>
      <subfield code="c">1397- [1976 or 1977- ]</subfield>
   </datafield>
   <datafield ind1=" " ind2=" " tag="300">
      <subfield code="a">v. ;</subfield>
      <subfield code="c">24 cm.</subfield>
   </datafield>
   <datafield ind1=" " ind2=" " tag="500">
      <subfield code="6">880-05</subfield>
      <subfield code="a">Title on v. 4, t.p.: Ārāʼ samāḥat Āyat Allāh al-ʻUẓmá al-Imām al-Sayyid ʻAlī al-ʻAllāmah al-Fānī al-Iṣfahānī ḥawla Kitāb al-ṭahārah min sharḥ al-Sharāyiʻ.</subfield>
   </datafield>
   <datafield ind1=" " ind2=" " tag="500">
      <subfield code="a">Title varies.</subfield>
   </datafield>
   <datafield ind1=" " ind2=" " tag="504">
      <subfield code="a">Includes bibliographical references.</subfield>
   </datafield>
   <datafield ind1="1" ind2="0" tag="600">
      <subfield code="6">880-06</subfield>
      <subfield code="a">Muḥaqqiq al-Ḥillī, Jaʻfar ibn al-Ḥasan,</subfield>
      <subfield code="d">1205 or 1206-1277.</subfield>
      <subfield code="t">Sharāʼiʻ al-Islām.</subfield>
      <subfield code="p">Kitāb al-ṭahārah.</subfield>
   </datafield>
   <datafield ind1=" " ind2="0" tag="650">
      <subfield code="a">Purity, Ritual</subfield>
      <subfield code="x">Islam.</subfield>
      <subfield code="0">http://id.loc.gov/authorities/subjects/sh85109199</subfield>
   </datafield>
   <datafield ind1="1" ind2=" " tag="700">
      <subfield code="6">880-07</subfield>
      <subfield code="a">Fānī, ʻAlī.</subfield>
   </datafield>
   <datafield ind1="0" ind2=" " tag="740">
      <subfield code="6">880-08</subfield>
      <subfield code="a">Ārāʼ ḥawla Kitāb al-Ṭahārah min sharḥ al-Sharāyiʻ.</subfield>
   </datafield>
   <datafield ind1="0" ind2=" " tag="740">
      <subfield code="6">880-09</subfield>
      <subfield code="a">Ṭahārah min sharḥ al-Sharāyiʻ.</subfield>
   </datafield>
   <datafield ind1="0" ind2=" " tag="740">
      <subfield code="6">880-10</subfield>
      <subfield code="a">Ārāʼ samāḥat Āyat Allāh al-ʻUẓmá al-Imām al-Sayyid ʻAlī al-ʻAllāmah al-Fānī al-Iṣfahānī ḥawla Kitāb al-ṭahārah min sharḥ al-Sharāyiʻ.</subfield>
   </datafield>
   <datafield ind1="1" ind2=" " tag="880">
      <subfield code="6">100-01/r</subfield>
      <subfield code="a">صادقي، محمد علي.</subfield>
   </datafield>
   <datafield ind1="1" ind2="0" tag="880">
      <subfield code="6">240-02/r</subfield>
      <subfield code="a">طهارة من شرح الشرايع</subfield>
   </datafield>
   <datafield ind1="1" ind2="0" tag="880">
      <subfield code="6">245-03/r</subfield>
      <subfield code="a">كتاب الطهارة من شرح الشرايع :</subfield>
      <subfield code="b">تقريرن لبحث قدوة الفقهاء والمجتهدين خاتمة المحققين آية الله العظمى وحجته الكبرى السيد علي العلامة الفاني الاصفهاني ... /</subfield>
      <subfield code="c">محمد علي الحسيني الصادقي الاصفهاني.</subfield>
   </datafield>
   <datafield ind1=" " ind2=" " tag="880">
      <subfield code="6">260-04/r</subfield>
      <subfield code="a">[قم ] :</subfield>
      <subfield code="b">المطبعة العلمية،</subfield>
      <subfield code="c">1397- [1976 or 1977- ]</subfield>
   </datafield>
   <datafield ind1=" " ind2=" " tag="880">
      <subfield code="6">500-05/r</subfield>
      <subfield code="a">Title on v. 4, t.p.: آراء سماحة آية الله العظمى الامام السيد علي العلامة الفاني الاصفهاني حول كتاب الطهارة من شرح الشرايع.</subfield>
   </datafield>
   <datafield ind1="1" ind2="4" tag="880">
      <subfield code="6">600-06/r</subfield>
      <subfield code="a">محقق الحلي، جعفر بن الحسن،</subfield>
      <subfield code="d">1205 or 1206-1277.</subfield>
      <subfield code="t">شرائع الاسلام.</subfield>
      <subfield code="p">كتاب الطهارة.</subfield>
   </datafield>
   <datafield ind1="1" ind2=" " tag="880">
      <subfield code="6">700-07/r</subfield>
      <subfield code="a">فاني، علي.</subfield>
   </datafield>
   <datafield ind1="0" ind2=" " tag="880">
      <subfield code="6">740-08/r</subfield>
      <subfield code="a">آراء حول كتاب الطهارة من شرح الشرايع.</subfield>
   </datafield>
   <datafield ind1="0" ind2=" " tag="880">
      <subfield code="6">740-09/r</subfield>
      <subfield code="a">طهارة من شرح الشرايع.</subfield>
   </datafield>
   <datafield ind1="0" ind2=" " tag="880">
      <subfield code="6">740-10/r</subfield>
      <subfield code="a">آراء سماحة آية الله العظمى الامام السيد علي العلامة الفاني الاصفهاني حول كتاب الطهارة من شرح الشرايع.</subfield>
   </datafield>
   <datafield ind1=" " ind2=" " tag="998">
      <subfield code="a">03/17/94</subfield>
      <subfield code="s">9114</subfield>
      <subfield code="n">NjP</subfield>
      <subfield code="w">NJPG93B28929</subfield>
      <subfield code="d">05/25/93</subfield>
      <subfield code="c">JEB</subfield>
      <subfield code="b">KC</subfield>
      <subfield code="i">940317</subfield>
      <subfield code="l">NJPG</subfield>
   </datafield>
   <datafield ind1=" " ind2=" " tag="911">
      <subfield code="a">19940324</subfield>
   </datafield>
   <datafield ind1=" " ind2=" " tag="912">
      <subfield code="a">19990707041753.0</subfield>
   </datafield>
   <datafield ind1=" " ind2=" " tag="994">
      <subfield code="a">C0</subfield>
      <subfield code="b">PUL</subfield>
   </datafield>
   <datafield ind1=" " ind2=" " tag="999">
      <subfield code="a">810543</subfield>
   </datafield>
   <datafield ind1=" " ind2=" " tag="979">
      <subfield code="a">(OCoLC)ocn176814675</subfield>
   </datafield>
   <datafield ind1="8" ind2="1" tag="852">
      <subfield code="0">919377</subfield>
      <subfield code="b">rcppa</subfield>
      <subfield code="t">1</subfield>
      <subfield code="h">2271.3553.895</subfield>
      <subfield code="x">tr fr f</subfield>
   </datafield>
   <datafield ind1=" " ind2="0" tag="866">
      <subfield code="0">919377</subfield>
      <subfield code="6">0</subfield>
      <subfield code="a">juzʾ 1-5</subfield>
   </datafield>
   <datafield ind1=" " ind2=" " tag="959">
      <subfield code="a">2000-06-13 00:00:00 -0500</subfield>
   </datafield>
</record>
